@inproceedings{fowler2019method,
	title={A method for constructing automotive cybersecurity tests, a CAN fuzz testing example},
	author={Fowler, Daniel S and Bryans, Jeremy and Cheah, Madeline and Wooderson, Paul and Shaikh, Siraj A},
	booktitle={2019 IEEE 19th International Conference on Software Quality, Reliability and Security Companion (QRS-C)},
	pages={1--8},
	year={2019},
	organization={IEEE}
}

@inproceedings{marksteiner2021using,
	title={Using cyber digital twins for automated automotive cybersecurity testing},
	author={Marksteiner, Stefan and Bronfman, Slava and Wolf, Markus and Lazebnik, Eddie},
	booktitle={2021 IEEE European Symposium on Security and Privacy Workshops (EuroS\&PW)},
	pages={123--128},
	year={2021},
	organization={IEEE}
}

@inproceedings{oruganti2019hardware,
	title={Hardware-in-loop based automotive embedded systems cybersecurity evaluation testbed},
	author={Oruganti, Pradeep Sharma and Appel, Matt and Ahmed, Qadeer},
	booktitle={Proceedings of the ACM Workshop on Automotive Cybersecurity},
	pages={41--44},
	year={2019}
}

@inproceedings{anistoroaei2022security,
	title={Security analysis of vehicle instrument clusters by automatic fuzzing and image acquisition},
	author={Anistoroaei, Alfred and Groza, Bogdan and Murvay, Pal-{\c{S}}tefan and Gurban, Hora{\c{t}}iu},
	booktitle={2022 IEEE International Conference on Automation, Quality and Testing, Robotics (AQTR)},
	pages={1--6},
	year={2022},
	organization={IEEE}
}

@article{wang2020real,
	title={Real-time sensor anomaly detection and recovery in connected automated vehicle sensors},
	author={Wang, Yiyang and Masoud, Neda and Khojandi, Anahita},
	journal={IEEE transactions on intelligent transportation systems},
	volume={22},
	number={3},
	pages={1411--1421},
	year={2020},
	publisher={IEEE}
}

@article{kifor2024automotive,
	title={Automotive cybersecurity: A Survey on frameworks, standards, and testing and monitoring technologies},
	author={Kifor, Claudiu Vasile and Popescu, Aurelian},
	journal={Sensors},
	volume={24},
	number={18},
	pages={6139},
	year={2024},
	publisher={MDPI}
}

@article{haarnoja2018soft,
	title={Soft actor-critic algorithms and applications},
	author={Haarnoja, Tuomas and Zhou, Aurick and Hartikainen, Kristian and Tucker, George and Ha, Sehoon and Tan, Jie and Kumar, Vikash and Zhu, Henry and Gupta, Abhishek and Abbeel, Pieter and others},
	journal={arXiv preprint arXiv:1812.05905},
	year={2018}
}

@article{christodoulou2019soft,
	title={Soft actor-critic for discrete action settings},
	author={Christodoulou, Petros},
	journal={arXiv preprint arXiv:1910.07207},
	year={2019}
}

@book{sutton1998reinforcement,
	title={Reinforcement learning: An introduction},
	author={Sutton, Richard S and Barto, Andrew G and others},
	volume={1},
	number={1},
	year={1998},
	publisher={MIT press Cambridge}
}

@article{zalewski2017american,
	title={American fuzzy lop (AFL) fuzzer},
	author={Zalewski, Michal},
	journal={URl: https://lcamtuf. coredump. cx/afl},
	year={2017}
}

@inproceedings{bohme2016coverage,
	title={Coverage-based greybox fuzzing as markov chain},
	author={B{\"ohme}, Marcel and Pham, Van-Thuan and Roychoudhury, Abhik},
	booktitle={Proceedings of the 2016 ACM SIGSAC Conference on Computer and Communications Security},
	pages={1032--1043},
	year={2016}
}

@inproceedings{fioraldi2020afl++,
	title={$\{$AFL++$\}$: Combining incremental steps of fuzzing research},
	author={Fioraldi, Andrea and Maier, Dominik and Ei{\ss}feldt, Heiko and Heuse, Marc},
	booktitle={14th USENIX workshop on offensive technologies (WOOT 20)},
	year={2020}
}

@ARTICLE{10662925,
	author={Yuan, He and Bo, Xue and Lina, Zhang and Chengyang, Lu},
	journal={IEEE Access}, 
	title={A Control Flow Graph Optimization Method for Enhancing Fuzz Testing}, 
	year={2024},
	volume={12},
	number={},
	pages={169370-169378},
	keywords={Flow graphs;Resource management;Image edge detection;Random number generation;Fuzzy logic;Software quality;Computer crashes;Reverse engineering;Benchmark testing;Control flow graph;fuzz testing;symbolic solution;AFL},
	doi={10.1109/ACCESS.2024.3452938}
}

@article{zhu2022fuzzing,
	title={Fuzzing: a survey for roadmap},
	author={Zhu, Xiaogang and Wen, Sheng and Camtepe, Seyit and Xiang, Yang},
	journal={ACM Computing Surveys (CSUR)},
	volume={54},
	number={11s},
	pages={1--36},
	year={2022},
	publisher={ACM New York, NY}
}

@article{gerard2012improvements,
	title={Improvements to a five-phase ABS algorithm for experimental validation},
	author={Gerard, Mathieu and Pasillas-L{\'e}pine, William and De Vries, Edwin and Verhaegen, Michel},
	journal={Vehicle System Dynamics},
	volume={50},
	number={10},
	pages={1585--1611},
	year={2012},
	publisher={Taylor \& Francis}
}

@book{pacejka2005tire,
	title={Tire and vehicle dynamics},
	author={Pacejka, Hans},
	year={2005},
	publisher={Elsevier}
}

@article{li2018fuzzing,
	title={Fuzzing: a survey},
	author={Li, Jun and Zhao, Bodong and Zhang, Chao},
	journal={Cybersecurity},
	volume={1},
	number={1},
	pages={6},
	year={2018},
	publisher={Springer}
}